<?xml version="1.0" encoding="UTF-8"?><collection xmlns="http://www.loc.gov/MARC21/slim"><record><leader>00435nam--2200145-i-4500</leader><controlfield tag="001">000013395</controlfield><controlfield tag="002">20161230</controlfield><controlfield tag="005">20170212003029</controlfield><controlfield tag="008">060222s1000------------r-----000-0-eng-d</controlfield><datafield ind1=" " ind2=" " tag="245"><subfield code="a">Computer aided design of control systems proceedings</subfield></datafield><datafield ind1=" " ind2=" " tag="260"><subfield code="a">Oxford</subfield><subfield code="b">International Federation Of Automatic Control By Pergamon Press</subfield><subfield code="c">1980</subfield></datafield><datafield ind1=" " ind2=" " tag="300"><subfield code="a">XIII+688 p</subfield></datafield><datafield ind1=" " ind2=" " tag="700"><subfield code="a">Cuenod, M. A</subfield></datafield><datafield ind1=" " ind2=" " tag="852"><subfield code="a">49112</subfield><subfield code="c">517.9</subfield></datafield><datafield ind1=" " ind2=" " tag="CAT"><subfield code="a">SYS</subfield><subfield code="c">20170212</subfield><subfield code="h">003029</subfield></datafield></record></collection>